
@misc{oed2016,
	title = {Collaboration},
	author = {OED, },
	year = {2016},
	date = {2016},
	publisher = {Oxford University},
	volume = {3},
	address = {Oxford},
	langid = {English}
}

@techreport{forscher2020,
	title = {The Benefits, Barriers, and Risks of Big Team Science},
	author = {Forscher, Patrick S. and Wagenmakers, Eric-Jan and Coles, Nicholas Alvaro and Silan, Miguel Alejandro A. and Dutra, Natalia Bezerra and Basnight-Brown, Dana and IJzerman, Hans},
	year = {2020},
	month = {05},
	date = {2020-05-20},
	doi = {10.31234/osf.io/2mdxh},
	url = {https://osf.io/2mdxh},
	note = {DOI: 10.31234/osf.io/2mdxh}
}

@article{stewart2017,
	title = {Crowdsourcing Samples in Cognitive Science},
	author = {Stewart, Neil and Chandler, Jesse and Paolacci, Gabriele},
	year = {2017},
	month = {10},
	date = {2017-10},
	journal = {Trends in Cognitive Sciences},
	pages = {736--748},
	volume = {21},
	number = {10},
	doi = {10.1016/j.tics.2017.06.007},
	url = {http://www.sciencedirect.com/science/article/pii/S1364661317301316 https://linkinghub.elsevier.com/retrieve/pii/S1364661317301316}
}

@article{coles2022,
	title = {Build up big-team science},
	author = {Coles, Nicholas A. and Hamlin, J. Kiley and Sullivan, Lauren L. and Parker, Timothy H. and Altschul, Drew},
	year = {2022},
	month = {01},
	date = {2022-01},
	journal = {Nature},
	pages = {505--507},
	volume = {601},
	number = {7894},
	doi = {10.1038/d41586-022-00150-2},
	url = {https://www.nature.com/articles/d41586-022-00150-2},
	note = {Bandiera{\_}abtest: a
Cg{\_}type: Comment
Number: 7894
Publisher: Nature Publishing Group
Subject{\_}term: Research management, Institutions},
	langid = {en}
}

@article{maxwell2015,
	title = {Is psychology suffering from a replication crisis?: What does 'failure to replicate' really mean?},
	author = {Maxwell, Scott E. and Lau, Michael Y. and Howard, George S.},
	year = {2015},
	date = {2015},
	journal = {American Psychologist},
	pages = {487--498},
	volume = {70},
	number = {6},
	doi = {10.1037/a0039400},
	note = {ISBN: 1935-990X (Electronic)\r0003-066X (Linking)
PMID: 26348332}
}

@article{nelson2018,
	title = {Psychology's renaissance},
	author = {Nelson, Leif D. and Simmons, Joseph and Simonsohn, Uri},
	year = {2018},
	month = {01},
	date = {2018-01},
	journal = {Annual Review of Psychology},
	pages = {511--534},
	volume = {69},
	number = {1},
	doi = {10.1146/annurev-psych-122216-011836},
	url = {http://www.annualreviews.org/doi/10.1146/annurev-psych-122216-011836}
}

@article{zwaan2018,
	title = {Making replication mainstream},
	author = {Zwaan, Rolf A. and Etz, Alexander and Lucas, Richard E. and Donnellan, M. Brent},
	year = {2018},
	date = {2018},
	journal = {Behavioral and Brain Sciences},
	pages = {e120},
	volume = {41},
	doi = {10.1017/S0140525X17001972},
	url = {https://www.cambridge.org/core/journals/behavioral-and-brain-sciences/article/abs/making-replication-mainstream/2E3D8805BF34927A76B963C7BBE36AC7},
	langid = {en}
}
